<record><leader>00000cas a22000007i 4500</leader><controlfield tag="001">800422285</controlfield><controlfield tag="006">m     o  d        </controlfield><controlfield tag="007">cr bn|---uuuuu</controlfield><controlfield tag="008">120419d19641978cauwr n o     0   a0eng  </controlfield><datafield ind1=" " ind2=" " tag="010"><subfield code="a">  2016201089</subfield></datafield><datafield ind1=" " ind2=" " tag="040"><subfield code="a">UKAMD</subfield><subfield code="b">eng</subfield><subfield code="e">rda</subfield><subfield code="c">UKAMD</subfield><subfield code="d">OCLCQ</subfield><subfield code="d">OCLCF</subfield><subfield code="d">OCLCO</subfield><subfield code="d">OCL</subfield><subfield code="d">CUS</subfield><subfield code="d">DLC</subfield></datafield><datafield ind1=" " ind2=" " tag="012"><subfield code="l">1</subfield></datafield><datafield ind1="0" ind2=" " tag="022"><subfield code="a">2470-8186</subfield><subfield code="y">0024-6573</subfield><subfield code="l">0024-6573</subfield><subfield code="2">1</subfield></datafield><datafield ind1=" " ind2=" " tag="042"><subfield code="a">pcc</subfield><subfield code="a">nsdp</subfield></datafield><datafield ind1=" " ind2=" " tag="043"><subfield code="a">n-us-ca</subfield><subfield code="a">n-us---</subfield><subfield code="a">a-vt---</subfield></datafield><datafield ind1="1" ind2="0" tag="050"><subfield code="a">ISSN RECORD</subfield></datafield><datafield ind1="1" ind2="0" tag="082"><subfield code="a">050</subfield><subfield code="2">23</subfield></datafield><datafield ind1="0" ind2=" " tag="130"><subfield code="a">Los Angeles free press (Los Angeles, Calif. 1964)</subfield></datafield><datafield ind1=" " ind2="0" tag="222"><subfield code="a">Los Angeles free press</subfield><subfield code="b">(Online)</subfield></datafield><datafield ind1="0" ind2="0" tag="245"><subfield code="a">Los Angeles free press.</subfield></datafield><datafield ind1="1" ind2=" " tag="246"><subfield code="a">Free press</subfield></datafield><datafield ind1="1" ind2="2" tag="246"><subfield code="i">Introductory issue published as:</subfield><subfield code="a">Faire free press</subfield><subfield code="f">May 23, 1964</subfield></datafield><datafield ind1=" " ind2="1" tag="264"><subfield code="a">Los Angeles :</subfield><subfield code="b">Los Angeles Free Press,</subfield><subfield code="c">1964-1978.</subfield></datafield><datafield ind1=" " ind2=" " tag="310"><subfield code="a">Weekly</subfield></datafield><datafield ind1=" " ind2=" " tag="336"><subfield code="a">text</subfield><subfield code="b">txt</subfield><subfield code="2">rdacontent</subfield></datafield><datafield ind1=" " ind2=" " tag="337"><subfield code="a">computer</subfield><subfield code="b">c</subfield><subfield code="2">rdamedia</subfield></datafield><datafield ind1=" " ind2=" " tag="338"><subfield code="a">online resource</subfield><subfield code="b">cr</subfield><subfield code="2">rdacarrier</subfield></datafield><datafield ind1="1" ind2=" " tag="362"><subfield code="a">Began with:  Volume 1, number 1 (May 25, 1964); Ceased with: Volume 15, number 12 (Apr. 3, 1978).</subfield></datafield><datafield ind1=" " ind2=" " tag="500"><subfield code="a">Editor, Art Kunkin.</subfield></datafield><datafield ind1=" " ind2=" " tag="500"><subfield code="a">Published by: New Way Enterprises, &lt;Vol. 10, no. 18 (May 4, 1973)-v.11, no. 32 (Aug. 9, 1974)&gt;</subfield></datafield><datafield ind1=" " ind2=" " tag="500"><subfield code="a">Vols. for &lt;1969-Apr. 1973&gt; issued in 2 pts.</subfield></datafield><datafield ind1=" " ind2=" " tag="515"><subfield code="a">Issues for &lt;Feb. 5, 1966-May 9, 1975&gt; called also &lt;issue no. 29-564&gt;</subfield></datafield><datafield ind1=" " ind2=" " tag="533"><subfield code="a">Electronic reproduction</subfield><subfield code="m">Vol. 3, no. 33, 42, 45-50; v. 4 (imperf.); v. 5 (imperf.); v. 6 (imperf.); v. 7 (imperf.); v. 9, no. 10, 15; v. 10, no. 18.</subfield><subfield code="b">Marlborough, England :</subfield><subfield code="c">Adam Matthew Digital.</subfield><subfield code="b">[Chicago, Ill.] :</subfield><subfield code="c">Adam Matthew Education [North American distributor],</subfield><subfield code="d">c2011</subfield><subfield code="f">(Rock and roll, counterculture, peace and protest : popular culture in Britain and America, 1950-1975).</subfield></datafield><datafield ind1="1" ind2=" " tag="535"><subfield code="a">Browne Popular Culture Library, Bowling Green State University</subfield></datafield><datafield ind1=" " ind2=" " tag="588"><subfield code="a">Description based: Issue #153 (June 26, 1967); title from PDF masthead (Independent Voices webite, viewed on February 10, 2016).</subfield></datafield><datafield ind1=" " ind2=" " tag="588"><subfield code="a">Latest issue consulted: Vlume 13, no. 53 (December 31- January 6, 1977) (viewed on February 10, 2016).</subfield></datafield><datafield ind1=" " ind2="0" tag="650"><subfield code="a">Underground press publications</subfield><subfield code="z">California</subfield><subfield code="z">Los Angeles.</subfield></datafield><datafield ind1=" " ind2="0" tag="650"><subfield code="a">Counterculture</subfield><subfield code="z">United States</subfield><subfield code="v">Newspapers.</subfield></datafield><datafield ind1=" " ind2="0" tag="650"><subfield code="a">Political activists</subfield><subfield code="z">California</subfield><subfield code="z">Los Angeles</subfield><subfield code="v">Newspapers.</subfield></datafield><datafield ind1=" " ind2="0" tag="650"><subfield code="a">Civil rights</subfield><subfield code="z">United States</subfield><subfield code="v">Newspapers.</subfield></datafield><datafield ind1=" " ind2="0" tag="650"><subfield code="a">Vietnam War, 1961-1975</subfield><subfield code="x">Protest movements</subfield><subfield code="z">California</subfield><subfield code="v">Newspapers.</subfield></datafield><datafield ind1=" " ind2="0" tag="651"><subfield code="a">United States</subfield><subfield code="x">Politics and government</subfield><subfield code="y">1969-1974</subfield><subfield code="v">Newspapers.</subfield></datafield><datafield ind1="2" ind2="7" tag="611"><subfield code="a">Vietnam War (1961-1975)</subfield><subfield code="2">fast</subfield><subfield code="0">(OCoLC)fst01431664</subfield></datafield><datafield ind1=" " ind2="7" tag="650"><subfield code="a">Civil rights.</subfield><subfield code="2">fast</subfield><subfield code="0">(OCoLC)fst00862627</subfield></datafield><datafield ind1=" " ind2="7" tag="650"><subfield code="a">Counterculture.</subfield><subfield code="2">fast</subfield><subfield code="0">(OCoLC)fst00881315</subfield></datafield><datafield ind1=" " ind2="7" tag="650"><subfield code="a">Political activists.</subfield><subfield code="2">fast</subfield><subfield code="0">(OCoLC)fst01069192</subfield></datafield><datafield ind1=" " ind2="7" tag="650"><subfield code="a">Politics and government</subfield><subfield code="2">fast</subfield><subfield code="0">(OCoLC)fst01919741</subfield></datafield><datafield ind1=" " ind2="7" tag="650"><subfield code="a">Protest movements.</subfield><subfield code="2">fast</subfield><subfield code="0">(OCoLC)fst01079826</subfield></datafield><datafield ind1=" " ind2="7" tag="650"><subfield code="a">Underground press publications.</subfield><subfield code="2">fast</subfield><subfield code="0">(OCoLC)fst01160984</subfield></datafield><datafield ind1=" " ind2="7" tag="651"><subfield code="a">California.</subfield><subfield code="2">fast</subfield><subfield code="0">(OCoLC)fst01204928</subfield></datafield><datafield ind1=" " ind2="7" tag="651"><subfield code="a">California</subfield><subfield code="z">Los Angeles.</subfield><subfield code="2">fast</subfield><subfield code="0">(OCoLC)fst01204540</subfield></datafield><datafield ind1=" " ind2="7" tag="651"><subfield code="a">United States.</subfield><subfield code="2">fast</subfield><subfield code="0">(OCoLC)fst01204155</subfield></datafield><datafield ind1=" " ind2="7" tag="648"><subfield code="a">1961 - 1975</subfield><subfield code="2">fast</subfield></datafield><datafield ind1=" " ind2="7" tag="655"><subfield code="a">Newspapers.</subfield><subfield code="2">fast</subfield><subfield code="0">(OCoLC)fst01423814</subfield></datafield><datafield ind1="1" ind2=" " tag="700"><subfield code="a">Kunkin, Art.</subfield></datafield><datafield ind1="2" ind2=" " tag="710"><subfield code="a">Bowling Green State University.</subfield><subfield code="b">Popular Culture Library.</subfield></datafield><datafield ind1="2" ind2=" " tag="710"><subfield code="a">Adam Matthew Digital (Firm)</subfield></datafield><datafield ind1="2" ind2=" " tag="710"><subfield code="a">Adam Matthew Education (Firm)</subfield></datafield><datafield ind1="0" ind2="8" tag="776"><subfield code="i">Print version:</subfield><subfield code="t">Los Angeles free press</subfield><subfield code="x">0024-6573</subfield><subfield code="w">(DLC)   79008348</subfield><subfield code="w">(OCoLC)1695797</subfield></datafield><datafield ind1=" " ind2="0" tag="830"><subfield code="a">Rock and roll, counterculture, peace and protest.</subfield></datafield><datafield ind1="4" ind2="0" tag="856"><subfield code="u">http://voices.revealdigital.com/cgi-bin/independentvoices?a=cl&amp;cl=CL1&amp;sp=BGJFHJH&amp;ai=1</subfield></datafield><datafield ind1="4" ind2="0" tag="856"><subfield code="3">Vol. 3</subfield><subfield code="u">http://www.rockandroll.amdigital.co.uk/Contents/DocumentDetails.aspx?documentid=586160</subfield></datafield><datafield ind1="4" ind2="0" tag="856"><subfield code="3">Vol. 4</subfield><subfield code="u">http://www.rockandroll.amdigital.co.uk/Contents/DocumentDetails.aspx?documentid=586163</subfield></datafield><datafield ind1="4" ind2="0" tag="856"><subfield code="3">Vol. 5</subfield><subfield code="u">http://www.rockandroll.amdigital.co.uk/Contents/DocumentDetails.aspx?documentid=586166</subfield></datafield><datafield ind1="4" ind2="0" tag="856"><subfield code="3">Vol. 6</subfield><subfield code="u">http://www.rockandroll.amdigital.co.uk/Contents/DocumentDetails.aspx?documentid=586169</subfield></datafield><datafield ind1="4" ind2="0" tag="856"><subfield code="3">Vol. 7</subfield><subfield code="u">http://www.rockandroll.amdigital.co.uk/Contents/DocumentDetails.aspx?documentid=586172</subfield></datafield><datafield ind1="4" ind2="0" tag="856"><subfield code="3">Vol. 9, no. 10, 15</subfield><subfield code="u">http://www.rockandroll.amdigital.co.uk/Contents/DocumentDetails.aspx?documentid=586175</subfield></datafield><datafield ind1="4" ind2="0" tag="856"><subfield code="3">Vol. 10, no. 18</subfield><subfield code="u">http://www.rockandroll.amdigital.co.uk/Contents/DocumentDetails.aspx?documentid=586178</subfield></datafield><datafield ind1="1" ind2=" " tag="029"><subfield code="a">NZ1</subfield><subfield code="b">14678353</subfield></datafield></record>